@article{lewis2019modernizing,
	title={Modernizing legacy embedded C codebases: approaches and challenges},
	author={Lewis, John and Martinez, Sofia},
	journal={Journal of Embedded Systems},
	volume={14},
	number={2},
	pages={45--60},
	year={2019},
	publisher={TechPublishers}
}

@inproceedings{smith2020virtualized,
	title={Virtualized testing frameworks for embedded software},
	author={Smith, Alan and Kumar, Priya},
	booktitle={Proceedings of the Embedded Systems Conference},
	pages={120--130},
	year={2020},
	organization={IEEE}
}

@article{wang2021safe,
	title={Safe refactoring and modernization of embedded software},
	author={Wang, Mei and Chen, Liang},
	journal={ACM Transactions on Embedded Computing Systems},
	volume={20},
	number={3},
	pages={1--25},
	year={2021},
	publisher={ACM}
}

@misc{googletest,
	title={Google Test - C++ Testing Framework},
	howpublished={\url{https://github.com/google/googletest}},
	note={Accessed: 2025-07-05}
}

@manual{miktex,
	title={MiKTeX: A TeX distribution for Windows},
	howpublished={\url{https://miktex.org}},
	note={Accessed: 2025-07-05}
}

@misc{embeddedrelated,
	title        = {Embedded Related - Embedded Systems Community},
	howpublished = {\url{https://www.embeddedrelated.com}},
	note         = {Accessed: 2025-07-05}
}

@misc{stackoverflow,
	title        = {Stack Overflow - Embedded Systems Questions},
	howpublished = {\url{https://stackoverflow.com/questions/tagged/embedded}},
	note         = {Accessed: 2025-07-05}
}

@misc{redditembedded,
	title        = {Reddit r/embedded Community},
	howpublished = {\url{https://www.reddit.com/r/embedded/}},
	note         = {Accessed: 2025-07-05}
}
